@phdthesis{yero2020thesis,
  author       = {Yero, Carlos},
  title        = {Cross Section Measurements of Deuteron Electro-Disintegration at Very High Recoil Momenta and Large 4-Momentum Transfers (Q2)},
  school       = {Florida International University},
  year         = {2020},
  type         = {Ph.D. dissertation},
  note         = {FIU Electronic Theses and Dissertations, Paper 4479},
  url          = {https://digitalcommons.fiu.edu/etd/4479}
}

@phdthesis{ibrahim2006thesis,
  author       = {Ibrahim, Hassan F.},
  title        = {The \textsuperscript{2}H(e, e'p)n Reaction at High Four-Momentum Transfer},
  school       = {Old Dominion University},
  year         = {2006},
  type         = {Ph.D. dissertation},
  doi          = {10.25777/qzpd-5q54},
  url          = {https://digitalcommons.odu.edu/physics_etds/100}
}
